<?xml version="1.0" encoding="UTF-8"?>
  <record xmlns="http://www.loc.gov/MARC21/slim" type="Authority">
    <leader>00000nz  a2200000nc 4500</leader>
    <controlfield tag="001">118677594</controlfield>
    <controlfield tag="003">DE-101</controlfield>
    <controlfield tag="005">20170323135142.0</controlfield>
    <controlfield tag="008">880701n||azznnaabn           | aaa    |c</controlfield>
    <datafield tag="024" ind1="7" ind2=" ">
      <subfield code="a">118677594</subfield>
      <subfield code="0">http://d-nb.info/gnd/118677594</subfield>
      <subfield code="2">gnd</subfield>
    </datafield>
    <datafield tag="035" ind1=" " ind2=" ">
      <subfield code="a">(DE-101)118677594</subfield>
    </datafield>
    <datafield tag="035" ind1=" " ind2=" ">
      <subfield code="a">(DE-588)118677594</subfield>
    </datafield>
    <datafield tag="035" ind1=" " ind2=" ">
      <subfield code="z">(DE-588)1089927231</subfield>
    </datafield>
    <datafield tag="035" ind1=" " ind2=" ">
      <subfield code="z">(DE-588)1089920466</subfield>
    </datafield>
    <datafield tag="035" ind1=" " ind2=" ">
      <subfield code="z">(DE-588)108977365X</subfield>
    </datafield>
    <datafield tag="035" ind1=" " ind2=" ">
      <subfield code="z">(DE-588)188122699</subfield>
    </datafield>
    <datafield tag="035" ind1=" " ind2=" ">
      <subfield code="z">(DE-588a)188122699</subfield>
      <subfield code="9">v:zg</subfield>
    </datafield>
    <datafield tag="035" ind1=" " ind2=" ">
      <subfield code="z">(DE-588)119650762</subfield>
    </datafield>
    <datafield tag="035" ind1=" " ind2=" ">
      <subfield code="z">(DE-588a)119650762</subfield>
      <subfield code="9">v:zg</subfield>
    </datafield>
    <datafield tag="035" ind1=" " ind2=" ">
      <subfield code="z">(DE-588)1026331579</subfield>
    </datafield>
    <datafield tag="035" ind1=" " ind2=" ">
      <subfield code="z">(DE-588)17202952X</subfield>
    </datafield>
    <datafield tag="035" ind1=" " ind2=" ">
      <subfield code="z">(DE-588a)17202952X</subfield>
      <subfield code="9">v:zg</subfield>
    </datafield>
    <datafield tag="035" ind1=" " ind2=" ">
      <subfield code="z">(DE-588)158352106</subfield>
    </datafield>
    <datafield tag="035" ind1=" " ind2=" ">
      <subfield code="z">(DE-588a)158352106</subfield>
      <subfield code="9">v:zg</subfield>
    </datafield>
    <datafield tag="035" ind1=" " ind2=" ">
      <subfield code="z">(DE-588)174123272</subfield>
    </datafield>
    <datafield tag="035" ind1=" " ind2=" ">
      <subfield code="z">(DE-588a)174123272</subfield>
      <subfield code="9">v:zg</subfield>
    </datafield>
    <datafield tag="035" ind1=" " ind2=" ">
      <subfield code="z">(DE-588a)118677594</subfield>
      <subfield code="9">v:zg</subfield>
    </datafield>
    <datafield tag="035" ind1=" " ind2=" ">
      <subfield code="z">(DE-588c)4090655-3</subfield>
      <subfield code="9">v:zg</subfield>
    </datafield>
    <datafield tag="040" ind1=" " ind2=" ">
      <subfield code="a">DE-101</subfield>
      <subfield code="c">DE-101</subfield>
      <subfield code="9">r:DE-101</subfield>
      <subfield code="b">ger</subfield>
      <subfield code="d">8999</subfield>
    </datafield>
    <datafield tag="042" ind1=" " ind2=" ">
      <subfield code="a">gnd1</subfield>
    </datafield>
    <datafield tag="043" ind1=" " ind2=" ">
      <subfield code="c">XS</subfield>
      <subfield code="c">XB-IL</subfield>
    </datafield>
    <datafield tag="065" ind1=" " ind2=" ">
      <subfield code="a">3.6p</subfield>
      <subfield code="2">sswd</subfield>
    </datafield>
    <datafield tag="075" ind1=" " ind2=" ">
      <subfield code="b">p</subfield>
      <subfield code="2">gndgen</subfield>
    </datafield>
    <datafield tag="075" ind1=" " ind2=" ">
      <subfield code="b">piz</subfield>
      <subfield code="2">gndspec</subfield>
    </datafield>
    <datafield tag="079" ind1=" " ind2=" ">
      <subfield code="a">g</subfield>
      <subfield code="q">s</subfield>
      <subfield code="q">f</subfield>
      <subfield code="q">p</subfield>
      <subfield code="q">a</subfield>
      <subfield code="q">t</subfield>
      <subfield code="u">v</subfield>
      <subfield code="u">w</subfield>
      <subfield code="u">o</subfield>
    </datafield>
    <datafield tag="100" ind1="0" ind2=" ">
      <subfield code="a">Cyrillus</subfield>
      <subfield code="c">Hierosolymitanus</subfield>
      <subfield code="d">312-386</subfield>
    </datafield>
    <datafield tag="375" ind1=" " ind2=" ">
      <subfield code="a">1</subfield>
      <subfield code="2">iso5218</subfield>
    </datafield>
    <datafield tag="377" ind1=" " ind2="7">
      <subfield code="a">grc</subfield>
      <subfield code="2">iso639-2b</subfield>
    </datafield>
    <datafield tag="400" ind1="0" ind2=" ">
      <subfield code="a">Cirillo</subfield>
      <subfield code="c">di Gerusalemme</subfield>
      <subfield code="d">312-386</subfield>
    </datafield>
    <datafield tag="400" ind1="0" ind2=" ">
      <subfield code="a">Cyril</subfield>
      <subfield code="c">Jeruzalémský</subfield>
      <subfield code="d">312-386</subfield>
    </datafield>
    <datafield tag="400" ind1="0" ind2=" ">
      <subfield code="a">Cirillus</subfield>
      <subfield code="c">Hierosolymitanus</subfield>
      <subfield code="d">312-386</subfield>
    </datafield>
    <datafield tag="400" ind1="0" ind2=" ">
      <subfield code="a">Cirillus</subfield>
      <subfield code="c">Ierosolomitanus</subfield>
      <subfield code="d">312-386</subfield>
    </datafield>
    <datafield tag="400" ind1="0" ind2=" ">
      <subfield code="a">Cyril</subfield>
      <subfield code="c">Saint</subfield>
      <subfield code="d">312-386</subfield>
      <subfield code="9">v:LoC-NA</subfield>
    </datafield>
    <datafield tag="400" ind1="0" ind2=" ">
      <subfield code="a">Cyril</subfield>
      <subfield code="c">of Jerusalem</subfield>
      <subfield code="d">312-386</subfield>
    </datafield>
    <datafield tag="400" ind1="0" ind2=" ">
      <subfield code="a">Cyrill</subfield>
      <subfield code="d">312-386</subfield>
    </datafield>
    <datafield tag="400" ind1="0" ind2=" ">
      <subfield code="a">Cyrille</subfield>
      <subfield code="c">Saint</subfield>
      <subfield code="d">312-386</subfield>
    </datafield>
    <datafield tag="400" ind1="0" ind2=" ">
      <subfield code="a">Cyrillus</subfield>
      <subfield code="d">312-386</subfield>
    </datafield>
    <datafield tag="400" ind1="0" ind2=" ">
      <subfield code="a">Cyrillus</subfield>
      <subfield code="c">Archiepiscopus</subfield>
      <subfield code="d">312-386</subfield>
    </datafield>
    <datafield tag="400" ind1="0" ind2=" ">
      <subfield code="a">Cyrillus</subfield>
      <subfield code="c">Episcopus</subfield>
      <subfield code="d">312-386</subfield>
    </datafield>
    <datafield tag="400" ind1="0" ind2=" ">
      <subfield code="a">Cyrillus</subfield>
      <subfield code="c">Hierosolimitanus</subfield>
      <subfield code="d">312-386</subfield>
    </datafield>
    <datafield tag="400" ind1="0" ind2=" ">
      <subfield code="a">Cyrillus</subfield>
      <subfield code="c">Pontifex</subfield>
      <subfield code="d">312-386</subfield>
    </datafield>
    <datafield tag="400" ind1="0" ind2=" ">
      <subfield code="a">Cyrillus</subfield>
      <subfield code="c">Saint</subfield>
      <subfield code="d">312-386</subfield>
    </datafield>
    <datafield tag="400" ind1="0" ind2=" ">
      <subfield code="a">Cyrillus</subfield>
      <subfield code="c">Sanctus</subfield>
      <subfield code="d">312-386</subfield>
    </datafield>
    <datafield tag="400" ind1="0" ind2=" ">
      <subfield code="a">Cyrillus</subfield>
      <subfield code="c">Scriptor Ecclesiasticus</subfield>
      <subfield code="d">312-386</subfield>
    </datafield>
    <datafield tag="400" ind1="0" ind2=" ">
      <subfield code="a">Cyrillus</subfield>
      <subfield code="c">von Jerusalem</subfield>
      <subfield code="d">312-386</subfield>
    </datafield>
    <datafield tag="400" ind1="0" ind2=" ">
      <subfield code="a">Cyrillus</subfield>
      <subfield code="c">von Thessalonica</subfield>
      <subfield code="d">312-386</subfield>
    </datafield>
    <datafield tag="400" ind1="0" ind2=" ">
      <subfield code="a">Kirill</subfield>
      <subfield code="c">Archiepiskop</subfield>
      <subfield code="d">312-386</subfield>
    </datafield>
    <datafield tag="400" ind1="0" ind2=" ">
      <subfield code="a">Kirill</subfield>
      <subfield code="c">Ierusalimskij</subfield>
      <subfield code="d">312-386</subfield>
    </datafield>
    <datafield tag="400" ind1="0" ind2=" ">
      <subfield code="a">Kyrill</subfield>
      <subfield code="d">312-386</subfield>
    </datafield>
    <datafield tag="400" ind1="0" ind2=" ">
      <subfield code="a">Kyrillos</subfield>
      <subfield code="d">312-386</subfield>
    </datafield>
    <datafield tag="400" ind1="0" ind2=" ">
      <subfield code="a">Kyrillos</subfield>
      <subfield code="c">Bischof</subfield>
      <subfield code="d">312-386</subfield>
    </datafield>
    <datafield tag="400" ind1="0" ind2=" ">
      <subfield code="a">Kyrillos</subfield>
      <subfield code="c">Hierosolymōn</subfield>
      <subfield code="d">312-386</subfield>
    </datafield>
    <datafield tag="400" ind1="0" ind2=" ">
      <subfield code="a">Kyrillos</subfield>
      <subfield code="c">Saint</subfield>
      <subfield code="d">312-386</subfield>
    </datafield>
    <datafield tag="400" ind1="0" ind2=" ">
      <subfield code="a">Kyrillos</subfield>
      <subfield code="c">von Jerusalem</subfield>
      <subfield code="d">312-386</subfield>
    </datafield>
    <datafield tag="400" ind1="0" ind2=" ">
      <subfield code="a">Kyrillus</subfield>
      <subfield code="c">von Basel</subfield>
      <subfield code="d">312-386</subfield>
    </datafield>
    <datafield tag="400" ind1="0" ind2=" ">
      <subfield code="a">Kiwregh</subfield>
      <subfield code="c">Saint</subfield>
      <subfield code="d">312-386</subfield>
    </datafield>
    <datafield tag="400" ind1="1" ind2=" ">
      <subfield code="a">Gerusalemme, Cirillo &#152;di&#156;</subfield>
      <subfield code="d">312-386</subfield>
    </datafield>
    <datafield tag="400" ind1="1" ind2=" ">
      <subfield code="a">Hierosolymitanus, Cyrillus</subfield>
      <subfield code="d">312-386</subfield>
    </datafield>
    <datafield tag="400" ind1="0" ind2=" ">
      <subfield code="a">Kiwreġ</subfield>
      <subfield code="c">Erowsaġemc'i</subfield>
      <subfield code="d">312-386</subfield>
    </datafield>
    <datafield tag="400" ind1="0" ind2=" ">
      <subfield code="a">Kyowreġ</subfield>
      <subfield code="c">Erowsaġemc'i</subfield>
      <subfield code="d">312-386</subfield>
    </datafield>
    <datafield tag="400" ind1="0" ind2=" ">
      <subfield code="a">Kiureł</subfield>
      <subfield code="c">Erousałemc̣i</subfield>
      <subfield code="d">312-386</subfield>
    </datafield>
    <datafield tag="400" ind1="0" ind2=" ">
      <subfield code="a">Kyrillus</subfield>
      <subfield code="c">Hierosolymōn</subfield>
      <subfield code="d">312-386</subfield>
    </datafield>
    <datafield tag="400" ind1="0" ind2=" ">
      <subfield code="a">Kyrillus</subfield>
      <subfield code="c">von Jerusalem</subfield>
      <subfield code="d">312-386</subfield>
    </datafield>
    <datafield tag="400" ind1="0" ind2=" ">
      <subfield code="a">Kyrill</subfield>
      <subfield code="c">von Jerusalem</subfield>
      <subfield code="d">312-386</subfield>
      <subfield code="9">v:R:RAK-ÖB</subfield>
    </datafield>
    <datafield tag="400" ind1="0" ind2=" ">
      <subfield code="a">Cyril</subfield>
      <subfield code="c">S.</subfield>
      <subfield code="d">312-386</subfield>
    </datafield>
    <datafield tag="400" ind1="0" ind2=" ">
      <subfield code="a">Cyrillus</subfield>
      <subfield code="c">Hierosolymorum Archiepiscopus</subfield>
      <subfield code="d">312-386</subfield>
    </datafield>
    <datafield tag="400" ind1="0" ind2=" ">
      <subfield code="a">Pseudo-Cyril</subfield>
      <subfield code="c">of Jerusalem</subfield>
      <subfield code="d">312-386</subfield>
    </datafield>
    <datafield tag="400" ind1="0" ind2=" ">
      <subfield code="a">Cyrillus</subfield>
      <subfield code="c">Episcopus, Heiliger, Kirchenvater, Bischof von Jerusalem</subfield>
      <subfield code="d">312-386</subfield>
    </datafield>
    <datafield tag="400" ind1="0" ind2=" ">
      <subfield code="a">Cyrillus</subfield>
      <subfield code="c">Archiepiscopus Hierosolymitanus</subfield>
      <subfield code="d">312-386</subfield>
    </datafield>
    <datafield tag="400" ind1="0" ind2=" ">
      <subfield code="a">Cyrillus</subfield>
      <subfield code="c">Hierosolymitanus, Heiliger, Kirchenvater, Bischof</subfield>
      <subfield code="d">312-386</subfield>
    </datafield>
    <datafield tag="400" ind1="0" ind2=" ">
      <subfield code="a">Cyrillus</subfield>
      <subfield code="c">Scriptor ecclesiasticus, Heiliger, Bischof von Jerusalem</subfield>
      <subfield code="d">312-386</subfield>
    </datafield>
    <datafield tag="400" ind1="0" ind2=" ">
      <subfield code="a">Cyrill</subfield>
      <subfield code="c">von Jerusalem, Heiliger, Kirchenvater, Bischof</subfield>
      <subfield code="d">312-386</subfield>
    </datafield>
    <datafield tag="400" ind1="0" ind2=" ">
      <subfield code="a">Cyrillus</subfield>
      <subfield code="c">von Jerusalem, Heiliger, Kirchenvater, Bischof</subfield>
      <subfield code="d">312-386</subfield>
    </datafield>
    <datafield tag="400" ind1="0" ind2=" ">
      <subfield code="a">Cyrillus</subfield>
      <subfield code="c">von Thessalonica, Heiliger, Kirchenvater, Bischof</subfield>
      <subfield code="d">312-386</subfield>
    </datafield>
    <datafield tag="400" ind1="0" ind2=" ">
      <subfield code="a">Kyrillos</subfield>
      <subfield code="c">von Jerusalem, Heiliger, Kirchenvater, Bischof</subfield>
      <subfield code="d">312-386</subfield>
    </datafield>
    <datafield tag="400" ind1="0" ind2=" ">
      <subfield code="a">Cyril</subfield>
      <subfield code="c">of Jerusalem, Heiliger, Kirchenvater, Bischof</subfield>
      <subfield code="d">312-386</subfield>
    </datafield>
    <datafield tag="400" ind1="0" ind2=" ">
      <subfield code="a">Cyrille</subfield>
      <subfield code="c">de Jérusalem, Heiliger, Kirchenvater, Bischof</subfield>
      <subfield code="d">312-386</subfield>
    </datafield>
    <datafield tag="400" ind1="0" ind2=" ">
      <subfield code="a">Cirillo</subfield>
      <subfield code="c">di Gerusalemme, Heiliger, Kirchenvater, Bischof</subfield>
      <subfield code="d">312-386</subfield>
    </datafield>
    <datafield tag="400" ind1="0" ind2=" ">
      <subfield code="a">Pseudo-Cyrillus Hierosolymitanus</subfield>
      <subfield code="d">312-386</subfield>
    </datafield>
    <datafield tag="400" ind1="0" ind2=" ">
      <subfield code="a">Cyrillus</subfield>
      <subfield code="c">Sanctus, Heiliger, Kirchenvater, Bischof von Jerusalem</subfield>
      <subfield code="d">312-386</subfield>
    </datafield>
    <datafield tag="400" ind1="0" ind2=" ">
      <subfield code="a">Pseudo-Cirillo di Gerusalemme</subfield>
      <subfield code="d">312-386</subfield>
    </datafield>
    <datafield tag="400" ind1="0" ind2=" ">
      <subfield code="a">Cyrill</subfield>
      <subfield code="c">von Jerusalem</subfield>
      <subfield code="d">312-386</subfield>
    </datafield>
    <datafield tag="400" ind1="0" ind2=" ">
      <subfield code="a">Cyrille</subfield>
      <subfield code="c">de Jérusalem</subfield>
      <subfield code="d">312-386</subfield>
    </datafield>
    <datafield tag="548" ind1=" " ind2=" ">
      <subfield code="a">312-386</subfield>
      <subfield code="4">datl</subfield>
      <subfield code="4">https://d-nb.info/standards/elementset/gnd#dateOfBirthAndDeath</subfield>
      <subfield code="w">r</subfield>
      <subfield code="i">Lebensdaten</subfield>
      <subfield code="9">v:Geburts- u. Todesjahr ca.</subfield>
    </datafield>
    <datafield tag="548" ind1=" " ind2=" ">
      <subfield code="a">03-</subfield>
      <subfield code="4">datu</subfield>
      <subfield code="4">https://d-nb.info/standards/elementset/gnd#udkCode</subfield>
      <subfield code="w">r</subfield>
      <subfield code="i">UDK</subfield>
    </datafield>
    <datafield tag="667" ind1=" " ind2=" ">
      <subfield code="a">12</subfield>
    </datafield>
    <datafield tag="667" ind1=" " ind2=" ">
      <subfield code="a">7</subfield>
    </datafield>
    <datafield tag="667" ind1=" " ind2=" ">
      <subfield code="a">384</subfield>
    </datafield>
    <datafield tag="667" ind1=" " ind2=" ">
      <subfield code="a">12-PAN</subfield>
    </datafield>
    <datafield tag="667" ind1=" " ind2=" ">
      <subfield code="a">VD-17</subfield>
    </datafield>
    <datafield tag="667" ind1=" " ind2=" ">
      <subfield code="a">TITAN;Maschinell verknuepft mit DBL-Retro-Titeldaten</subfield>
    </datafield>
    <datafield tag="667" ind1=" " ind2=" ">
      <subfield code="a">Quelle: DNB-Normdaten (Info DNB: (Geburts- u. Todesjahr ca.) 301 - 400 (UDK-Zeitcode 03) Land Griechenland (Altertum) (XS); Israel (XB-IL) Sprache(n) Griechisch (grc) Weitere Angaben Kirchenvater, seit 348/50 Bischof von Jerusalem</subfield>
    </datafield>
    <datafield tag="670" ind1=" " ind2=" ">
      <subfield code="a">PAN</subfield>
    </datafield>
    <datafield tag="672" ind1=" " ind2="0">
      <subfield code="a">Apologi morales. - 1630</subfield>
    </datafield>
    <datafield tag="672" ind1=" " ind2="0">
      <subfield code="a">Cyrillus &lt;von Jerusalem&gt;: Catecheses quinque mystagogicae. 1564. (VD16 C 6583)</subfield>
    </datafield>
    <datafield tag="678" ind1=" " ind2=" ">
      <subfield code="b">Kirchenvater, seit 348/50 Bischof von Jerusalem</subfield>
    </datafield>
    <datafield tag="913" ind1=" " ind2=" ">
      <subfield code="S">pnd</subfield>
      <subfield code="i">5</subfield>
      <subfield code="a">Cyrillus &lt;Hierosolymitanus&gt;</subfield>
      <subfield code="0">(DE-588a)118677594</subfield>
    </datafield>
    <datafield tag="913" ind1=" " ind2=" ">
      <subfield code="S">pnd</subfield>
      <subfield code="i">5</subfield>
      <subfield code="a">Cyrillus &lt;Hierosolymitanus&gt;</subfield>
      <subfield code="0">(DE-588a)174123272</subfield>
    </datafield>
    <datafield tag="913" ind1=" " ind2=" ">
      <subfield code="S">pnd</subfield>
      <subfield code="i">5</subfield>
      <subfield code="a">Cyrillus Hierosolymitanus</subfield>
      <subfield code="0">(DE-588a)158352106</subfield>
    </datafield>
    <datafield tag="913" ind1=" " ind2=" ">
      <subfield code="S">pnd</subfield>
      <subfield code="i">5</subfield>
      <subfield code="a">Cyrillus &lt;Hierosolymitanus&gt;</subfield>
      <subfield code="0">(DE-588a)17202952X</subfield>
    </datafield>
    <datafield tag="913" ind1=" " ind2=" ">
      <subfield code="S">pnd</subfield>
      <subfield code="i">5</subfield>
      <subfield code="a">Cyrillus &lt;von Jerusalem&gt;</subfield>
      <subfield code="0">(DE-588a)119650762</subfield>
    </datafield>
    <datafield tag="913" ind1=" " ind2=" ">
      <subfield code="S">pnd</subfield>
      <subfield code="i">5</subfield>
      <subfield code="a">Cyrillus &lt;Von Jerusalem&gt;</subfield>
      <subfield code="0">(DE-588a)188122699</subfield>
    </datafield>
  </record>
